<?xml version="1.0" encoding="UTF-8"?><collection xmlns="http://www.loc.gov/MARC21/slim"><record><leader>00466nam--2200169-i-4500</leader><controlfield tag="001">000009274</controlfield><controlfield tag="002">20161230</controlfield><controlfield tag="005">20161230201028</controlfield><controlfield tag="008">060222s1000------------r-----000-0-eng-d</controlfield><datafield ind1=" " ind2=" " tag="040"><subfield code="a">IFIN-HH</subfield></datafield><datafield ind1=" " ind2=" " tag="080"><subfield code="a">539.211:54</subfield></datafield><datafield ind1="1" ind2=" " tag="100"><subfield code="a">Becker, Edwin D</subfield></datafield><datafield ind1="1" ind2="0" tag="245"><subfield code="a">High resolution nmr</subfield><subfield code="b">Theory and chemical applications</subfield><subfield code="c">Edwin d. becker</subfield></datafield><datafield ind1=" " ind2=" " tag="260"><subfield code="a">New York</subfield><subfield code="b">Academic Press</subfield><subfield code="c">1969</subfield></datafield><datafield ind1=" " ind2=" " tag="300"><subfield code="a">XII + 310 P</subfield></datafield><datafield ind1=" " ind2=" " tag="852"><subfield code="a">32803</subfield><subfield code="c">539.143.43</subfield></datafield><datafield ind1=" " ind2=" " tag="CAT"><subfield code="a">Sys</subfield><subfield code="c">20120507</subfield><subfield code="h">091421</subfield></datafield></record></collection>